@book{basar1995dynamic,
  title={Dynamic noncooperative game theory},
  author={Basar, Tamer and Olsder, Geert Jan and Clsder, GJ and Basar, T and Baser, T and Olsder, Geert Jan},
  volume={200},
  year={1995},
  publisher={SIAM}
} 

@article{sportsvis,
  title={``Sportsvis: Discovering meaning in sports statistics through information visualization''},
  author={A. Cox, J. Stasko.},
  publisher={Compendium of Symposium on Information Visualization}
} 

@book{nbavis,
  title={``NBAVis: Exploring 2012-13 NBA Season Data''},
  author={Fengbo Li, Chad Stolper, John Stasko},
  publisher={http://www.cc.gatech.edu/gvu/ii/sportvis/nbaVis/}
} 

@article{scatterplots1,
  title={``Brushing Scatterplots''},
  author={Richard A. Becker and William S. Cleveland},
  publisher={Technometrics},
  volume={29, Iss. 2},
  year={1987}
} 

@article{themeriver,
  title={``ThemeRiver: Visualizing Theme Changes over Time''},
  author={S. Havre, B. Hetzler, L. Nowell},
  publisher={Proc. IEEE Symposium on Information Visualization},
  year={2000}
} 

@article{stackedgraph1,
  title={Assessing the Readability of Stacked Graphs},
  author={Thudt, Alice and Walny, Jagoda and Perin, Charles and Rajabiyazdi, Fateme and MacDonald, Lindsay and Vardeleon, Riane and Greenberg, Saul and Carpendale, Sheelagh},
  year={2007}
}
